@Book{leuwen00:_handb_schol,
  author =	 {M.-C. van Leuwen},
  title = 	 {A Handbook for Scholars},
  publisher = 	 {Oxford University Press},
  year = 	 1900
}

@Misc{Taylor:SIGuide:95,
  author =	 {B. N. Taylor},
  title =	 {Guide for the Use of the International System of Units (SI)},
  howpublished = {NIST Special Publication 811},
  year =	 1995,
  url =	 {http://physics.nist.gov/Document/sp811.pdf}
}

@Book{booth16:_craft_resear,
  author = 	 {W. C. Booth and G. G. Colomb and J. M. Williams and J. Bizup and W. T. Fitzgerald},
  title = 	 {The Craft of Research},
  publisher = 	 {University of Chicago Press},
  year = 	 2016,
  edition = 	 {4th}}

@Book{williams16:_style,
  author = 	 {J. M. Williams and J. Bizup},
  title = 	 {Style: Lessons in Clarity in Grace},
  publisher = 	 {Longmann},
  year = 	 2016}

