@Book{leuwen00:_handb_schol,
  author =	 {M.-C. van Leuwen},
  title = 	 {A Handbook for Scholars},
  publisher = 	 {Oxford University Press},
  year = 	 1900
}

@article{Schaul:_replay,
    author        = "T. Schaul and D. Silver",
    title         = {Prioritized experience replay},
    journaltitle  = {arXiv},
    year          = {2015},
    volume        = {1511.05952}
}

@Book{low_Lapsley:_handb_Flowcontrol,
    author =       "S. H Low and D. E. Lapsley",
    title =        "Optimization flow control. I. Basic algorithm and convergence ",
    journal  =  "IEEE/ACM Transactions on networking",
    volume =       "518",
    number =       "6",
    pages =        "861–874",
    year =         "1999"
}

@Book{v_mnih:_handb_DRL,
    author =    {et al, V. Mnih} ,
    title =     "Human-level control through deep reinforcement learning",
    journal  =  "Nature",
    volume =    "518",
    number =    "7540",
    pages =     "529–533",
    year =      "2015"
}