
@ARTICLE{8935210,  author={X. {Guo} and H. {Lin} and Z. {Li} and M. {Peng}},  journal={IEEE Internet of Things Journal},  title={Deep Reinforcement Learning based QoS-aware Secure Routing for SDN-IoT},   year={2019},  volume={},  number={},  pages={1-1},}

@INPROCEEDINGS{7939144,  author={O. {Salman} and I. {Elhajj} and A. {Chehab} and A. {Kayssi}},  booktitle={2017 Fourth International Conference on Software Defined Systems (SDS)},  title={Software Defined IoT security framework},   year={2017},  volume={},  number={},  pages={75-80},}

@INPROCEEDINGS{8485853,  author={Z. {Xu} and J. {Tang} and J. {Meng} and W. {Zhang} and Y. {Wang} and C. H. {Liu} and D. {Yang}},  booktitle={IEEE INFOCOM 2018 - IEEE Conference on Computer Communications},  title={Experience-driven Networking: A Deep Reinforcement Learning based Approach},   year={2018},  volume={},  number={},  pages={1871-1879},}

@INPROCEEDINGS{4449664,  author={J. {Sen} and M. G. {Chandra} and S. G. {Harihara} and H. {Reddy} and P. {Balamuralidhar}},  booktitle={2007 6th International Conference on Information, Communications   Signal Processing},  title={A mechanism for detection of gray hole attack in mobile Ad Hoc networks},   year={2007},  volume={},  number={},  pages={1-5},}

@Book{booth16:_craft_resear,
  author = 	 {W. C. Booth and G. G. Colomb and J. M. Williams and J. Bizup and W. T. Fitzgerald},
  title = 	 {The Craft of Research},
  publisher = 	 {University of Chicago Press},
  year = 	 2016,
  edition = 	 {4th}}

@Book{williams16:_style,
  author = 	 {J. M. Williams and J. Bizup},
  title = 	 {Style: Lessons in Clarity in Grace},
  publisher = 	 {Longmann},
  year = 	 2016}


